@misc{TeXFAQ,
  author =        {{UK \TeX{} Users Group}},
  howpublished =  {\url{http://www.tex.ac.uk/cgi-bin/texfaq2html}},
  title =         {{UK} List of {\TeX} Frequently Asked Questions},
  year =          {2015},
}
